

@BOOK{Brekho,
	author={L.M. Brekhovskikh},
	title= {\textit{``Waves in Layered Media, Second Edition''}},
	publisher= {Academic Press, New York},
	year={1980},
	}