@ARTICLE{Aspnes:1973,
  author = {D.E. Aspnes},
  title = {Third-derivative modulation spectroscopy with low-field electroreflectance},
  journal = {Surface Science},
  year = {1973},
  volume = {37},
  pages = {418 - 442},
  number = {0},
  markedentry = {[Richard:1]},
  doi = {10.1016/0039-6028(73)90337-3},
  file = {:D\:\\Dropbox\\Lab\\Papers\\Aspnes.D.1973.pdf:PDF},
  issn = {0039-6028},
  url = {http://www.sciencedirect.com/science/article/pii/0039602873903373}
}

@BOOK{Aspnes:1980,
  title = {Handbook on semiconductors},
  publisher = {North-Holland, New York},
  year = {1980},
  editor = {T. S. Moss},
  author = {D. E. Aspnes},
  owner = {Richard},
  timestamp = {2012.08.16}
}

